<record><leader>00000cas a2200000 a 4500</leader><controlfield tag="001">11693434</controlfield><controlfield tag="008">850214d19001965ksuwr ne      0   a0eng d</controlfield><datafield ind1=" " ind2=" " tag="010"><subfield code="a">sn 85030947 </subfield></datafield><datafield ind1=" " ind2=" " tag="040"><subfield code="a">KSH</subfield><subfield code="b">eng</subfield><subfield code="c">KSH</subfield><subfield code="d">NPT</subfield><subfield code="d">OCL</subfield><subfield code="d">OCLCQ</subfield></datafield><datafield ind1=" " ind2=" " tag="042"><subfield code="a">msc</subfield></datafield><datafield ind1="0" ind2="4" tag="245"><subfield code="a">The Sylvan Grove news.</subfield></datafield><datafield ind1=" " ind2=" " tag="260"><subfield code="a">Sylvan Grove, Kan. :</subfield><subfield code="b">St. Clair &amp; Hoffer,</subfield><subfield code="c">1900-1965.</subfield></datafield><datafield ind1=" " ind2=" " tag="300"><subfield code="a">63 v. :</subfield><subfield code="b">ill. ;</subfield><subfield code="c">45-58 cm.</subfield></datafield><datafield ind1=" " ind2=" " tag="310"><subfield code="a">Weekly</subfield></datafield><datafield ind1="0" ind2=" " tag="362"><subfield code="a">Vol. 5, no. 3 (May 4, 1900)-v. 68, no. 15 (Dec. 29, 1965).</subfield></datafield><datafield ind1=" " ind2=" " tag="500"><subfield code="a">Publisher varies.</subfield></datafield><datafield ind1=" " ind2=" " tag="500"><subfield code="a">"Republican."</subfield></datafield><datafield ind1=" " ind2=" " tag="515"><subfield code="a">Numbering is irregular.</subfield></datafield><datafield ind1=" " ind2=" " tag="525"><subfield code="a">Includes supplements.</subfield></datafield><datafield ind1=" " ind2=" " tag="752"><subfield code="a">United States</subfield><subfield code="b">Kansas</subfield><subfield code="c">Lincoln</subfield><subfield code="d">Sylvan Grove.</subfield></datafield><datafield ind1="0" ind2="0" tag="780"><subfield code="t">Sylvan alert</subfield><subfield code="w">(DLC)sn 85030946</subfield></datafield><datafield ind1="0" ind2="7" tag="785"><subfield code="t">Lucas independent</subfield><subfield code="w">(DLC)sn 85029740</subfield></datafield><datafield ind1="0" ind2="7" tag="785"><subfield code="t">Lucas-Sylvan news</subfield><subfield code="w">(DLC)sn 85029745</subfield></datafield></record>